@ARTICLE{Yeche2017,
       author = {{Y{\`e}che}, Christophe and {Palanque-Delabrouille}, Nathalie and
         {Baur}, Julien and {du Mas des Bourboux}, H{\'e}lion},
        title = "{Constraints on neutrino masses from Lyman-alpha forest power spectrum with BOSS and XQ-100}",
      journal = {Journal of Cosmology and Astro-Particle Physics},
     keywords = {Astrophysics - Cosmology and Nongalactic Astrophysics},
         year = "2017",
        month = "Jun",
       volume = {2017},
          eid = {047},
        pages = {047},
          doi = {10.1088/1475-7516/2017/06/047},
archivePrefix = {arXiv},
       eprint = {1702.03314},
 primaryClass = {astro-ph.CO},
       adsurl = {https://ui.adsabs.harvard.edu/\#abs/2017JCAP...06..047Y},
      adsnote = {Provided by the SAO/NASA Astrophysics Data System}
}

@ARTICLE{Nathalie2015,
       author = {{Palanque-Delabrouille}, Nathalie and {Y{\`e}che}, Christophe and
         {Lesgourgues}, Julien and {Rossi}, Graziano and {Borde}, Arnaud and
         {Viel}, Matteo and {Aubourg}, Eric and {Kirkby}, David and
         {LeGoff}, Jean-Marc and {Rich}, James and {Roe}, Natalie and
         {Ross}, Nicholas P. and {Schneider}, Donald P. and {Weinberg}, David},
        title = "{Constraint on neutrino masses from SDSS-III/BOSS Ly{\ensuremath{\alpha}} forest and other cosmological probes}",
      journal = {Journal of Cosmology and Astro-Particle Physics},
     keywords = {Astrophysics - Cosmology and Nongalactic Astrophysics},
         year = "2015",
        month = "Feb",
       volume = {2015},
          eid = {045},
        pages = {045},
          doi = {10.1088/1475-7516/2015/02/045},
archivePrefix = {arXiv},
       eprint = {1410.7244},
 primaryClass = {astro-ph.CO},
       adsurl = {https://ui.adsabs.harvard.edu/\#abs/2015JCAP...02..045P},
      adsnote = {Provided by the SAO/NASA Astrophysics Data System}
}

@ARTICLE{Bird2018,
       author = {{Bird}, Simeon and {Rogers}, Keir K. and {Peiris}, Hiranya V. and
         {Verde}, Licia and {Font-Ribera}, Andreu and {Pontzen}, Andrew},
        title = "{An Emulator for the Lyman-alpha Forest}",
      journal = {arXiv e-prints},
     keywords = {Astrophysics - Cosmology and Nongalactic Astrophysics},
         year = "2018",
        month = "Dec",
          eid = {arXiv:1812.04654},
        pages = {arXiv:1812.04654},
archivePrefix = {arXiv},
       eprint = {1812.04654},
 primaryClass = {astro-ph.CO},
       adsurl = {https://ui.adsabs.harvard.edu/\#abs/2018arXiv181204654B},
      adsnote = {Provided by the SAO/NASA Astrophysics Data System}
}

@ARTICLE{Rogers2018,
       author = {{Rogers}, Keir K. and {Peiris}, Hiranya V. and {Pontzen}, Andrew and
         {Bird}, Simeon and {Verde}, Licia and {Font-Ribera}, Andreu},
        title = "{Bayesian emulator optimisation for cosmology: application to the Lyman-alpha forest}",
      journal = {arXiv e-prints},
     keywords = {Astrophysics - Cosmology and Nongalactic Astrophysics},
         year = "2018",
        month = "Dec",
          eid = {arXiv:1812.04631},
        pages = {arXiv:1812.04631},
archivePrefix = {arXiv},
       eprint = {1812.04631},
 primaryClass = {astro-ph.CO},
       adsurl = {https://ui.adsabs.harvard.edu/\#abs/2018arXiv181204631R},
      adsnote = {Provided by the SAO/NASA Astrophysics Data System}
}

@ARTICLE{McDonald2005,
       author = {{McDonald}, Patrick and {Seljak}, Uro{\v{s}} and {Cen}, Renyue and
         {Shih}, David and {Weinberg}, David H. and {Burles}, Scott and
         {Schneider}, Donald P. and {Schlegel}, David J. and {Bahcall}, Neta A. and
         {Briggs}, John W. and {Brinkmann}, J. and {Fukugita}, Masataka and
         {Ivezi{\'c}}, {\v{Z}}eljko and {Kent}, Stephen and {Vand
        en Berk}, Daniel E.},
        title = "{The Linear Theory Power Spectrum from the Ly{\ensuremath{\alpha}} Forest in the Sloan Digital Sky Survey}",
      journal = {\apj},
     keywords = {Cosmology: Theory, Galaxies: Intergalactic Medium, Cosmology: Large-Scale Structure of Universe, Galaxies: Quasars: Absorption Lines, Astrophysics},
         year = "2005",
        month = "Dec",
       volume = {635},
       number = {2},
        pages = {761-783},
          doi = {10.1086/497563},
archivePrefix = {arXiv},
       eprint = {astro-ph/0407377},
 primaryClass = {astro-ph},
       adsurl = {https://ui.adsabs.harvard.edu/abs/2005ApJ...635..761M},
      adsnote = {Provided by the SAO/NASA Astrophysics Data System}
}

@ARTICLE{Gnedin1998,
       author = {{Gnedin}, Nickolay Y. and {Hui}, Lam},
        title = "{Probing the Universe with the Lyalpha forest - I. Hydrodynamics of the low-density intergalactic medium}",
      journal = {\mnras},
     keywords = {HYDRODYNAMICS, METHODS: NUMERICAL, INTERGALACTIC MEDIUM, QUASARS: ABSORPTION LINES, COSMOLOGY: THEORY, Astrophysics},
         year = "1998",
        month = "May",
       volume = {296},
       number = {1},
        pages = {44-55},
          doi = {10.1046/j.1365-8711.1998.01249.x},
archivePrefix = {arXiv},
       eprint = {astro-ph/9706219},
 primaryClass = {astro-ph},
       adsurl = {https://ui.adsabs.harvard.edu/abs/1998MNRAS.296...44G},
      adsnote = {Provided by the SAO/NASA Astrophysics Data System}
}

@ARTICLE{Hui1997,
       author = {{Hui}, Lam and {Gnedin}, Nickolay Y.},
        title = "{Equation of state of the photoionized intergalactic medium}",
      journal = {\mnras},
     keywords = {Equations Of State, Intergalactic Media, Photoionization, Absorption Spectra, Quasars, Astrophysics, EQUATION OF STATE, INTERGALACTIC MEDIUM, QUASARS: ABSORPTION LINES, COSMOLOGY: THEORY, Astrophysics},
         year = "1997",
        month = "Nov",
       volume = {292},
       number = {1},
        pages = {27-42},
          doi = {10.1093/mnras/292.1.27},
archivePrefix = {arXiv},
       eprint = {astro-ph/9612232},
 primaryClass = {astro-ph},
       adsurl = {https://ui.adsabs.harvard.edu/abs/1997MNRAS.292...27H},
      adsnote = {Provided by the SAO/NASA Astrophysics Data System}
}

@ARTICLE{Walther2018,
       author = {{Walther}, Michael and {O{\~n}orbe}, Jose and {Hennawi}, Joseph F. and
         {Luki{\'c}}, Zarija},
        title = "{New Constraints on IGM Thermal Evolution from the Ly{\ensuremath{\alpha}} Forest Power Spectrum}",
      journal = {\apj},
     keywords = {cosmological parameters, cosmology: observations, dark ages, reionization, first stars, intergalactic medium, Astrophysics - Cosmology and Nongalactic Astrophysics},
         year = "2019",
        month = "Feb",
       volume = {872},
       number = {1},
          eid = {13},
        pages = {13},
          doi = {10.3847/1538-4357/aafad1},
archivePrefix = {arXiv},
       eprint = {1808.04367},
 primaryClass = {astro-ph.CO},
       adsurl = {https://ui.adsabs.harvard.edu/abs/2019ApJ...872...13W},
      adsnote = {Provided by the SAO/NASA Astrophysics Data System}
}

@ARTICLE{Borde2014,
       author = {{Borde}, Arnaud and {Palanque-Delabrouille}, Nathalie and
         {Rossi}, Graziano and {Viel}, Matteo and {Bolton}, James S. and
         {Y{\`e}che}, Christophe and {LeGoff}, Jean-Marc and {Rich}, Jim},
        title = "{New approach for precise computation of Lyman-{\ensuremath{\alpha}} forest power spectrum with hydrodynamical simulations}",
      journal = {Journal of Cosmology and Astro-Particle Physics},
     keywords = {Astrophysics - Cosmology and Nongalactic Astrophysics},
         year = "2014",
        month = "Jul",
       volume = {2014},
          eid = {005},
        pages = {005},
          doi = {10.1088/1475-7516/2014/07/005},
archivePrefix = {arXiv},
       eprint = {1401.6472},
 primaryClass = {astro-ph.CO},
       adsurl = {https://ui.adsabs.harvard.edu/\#abs/2014JCAP...07..005B},
      adsnote = {Provided by the SAO/NASA Astrophysics Data System}
}

@ARTICLE{PD2013,
       author = {{Palanque-Delabrouille}, Nathalie and {Y{\`e}che}, Christophe and
         {Borde}, Arnaud and {Le Goff}, Jean-Marc and {Rossi}, Graziano and
         {Viel}, Matteo and {Aubourg}, {\'E}ric and {Bailey}, Stephen and
         {Bautista}, Julian and {Blomqvist}, Michael and {Bolton}, Adam and
         {Bolton}, James S. and {Busca}, Nicol{\'a}s G. and {Carithers}, Bill and
         {Croft}, Rupert A.~C. and {Dawson}, Kyle S. and
         {Delubac}, Timoth{\'e}e and {Font-Ribera}, Andreu and {Ho}, Shirley and
         {Kirkby}, David and {Lee}, Khee-Gan and {Margala}, Daniel and
         {Miralda-Escud{\'e}}, Jordi and {Muna}, Demitri and {Myers}, Adam D. and
         {Noterdaeme}, Pasquier and {P{\^a}ris}, Isabelle and
         {Petitjean}, Patrick and {Pieri}, Matthew M. and {Rich}, James and
         {Rollinde}, Emmanuel and {Ross}, Nicholas P. and {Schlegel}, David J. and
         {Schneider}, Donald P. and {Slosar}, An{\v{z}}e and
         {Weinberg}, David H.},
        title = "{The one-dimensional Ly{\ensuremath{\alpha}} forest power spectrum from BOSS}",
      journal = {\aap},
     keywords = {cosmology: observations, large-scale structure of Universe, intergalactic medium, cosmological parameters, Astrophysics - Cosmology and Extragalactic Astrophysics},
         year = "2013",
        month = "Nov",
       volume = {559},
          eid = {A85},
        pages = {A85},
          doi = {10.1051/0004-6361/201322130},
archivePrefix = {arXiv},
       eprint = {1306.5896},
 primaryClass = {astro-ph.CO},
       adsurl = {https://ui.adsabs.harvard.edu/abs/2013A&A...559A..85P},
      adsnote = {Provided by the SAO/NASA Astrophysics Data System}
}